@article{di2014arctic,
	title={Arctic curves of the octahedron equation},
	author={Di Francesco, Philippe and Soto-Garrido, Rodrigo},
	journal={Journal of Physics A: Mathematical and Theoretical},
	volume={47},
	number={28},
	pages={285204},
	year={2014},
	publisher={IOP Publishing}
}

@article{di2014tystemsnetworksdimers,
	title={T-systems, networks and dimers},
	author={Di Francesco, Philippe},
	journal={Communications in Mathematical Physics},
	volume={331},
	pages={1237--1270},
	year={2014},
	publisher={Springer}
}

@article{kenyon2013double,
	title={Double-dimers, the Ising model and the hexahedron recurrence},
	author={Kenyon, Richard and Pemantle, Robin},
	journal={arXiv preprint arXiv:1308.2998},
	year={2013}
}

@article{Di_Francesco_2009,
	doi = {10.1007/s11005-009-0354-z},
	
	url = {https://doi.org/10.1007%2Fs11005-009-0354-z},
	
	year = 2009,
	month = {sep},
	
	publisher = {Springer Science and Business Media {LLC}
	},
	
	volume = {89},
	
	number = {3},
	
	pages = {183--216},
	
	author = {Philippe Di Francesco and Rinat Kedem},
	
	title = {Q-systems as Cluster Algebras {II}: Cartan Matrix of Finite Type and the Polynomial Property},
	
	journal = {Letters in Mathematical Physics}
}

@misc{speyer2004perfect,
	title={Perfect Matchings and the Octahedron Recurrence}, 
	author={David E Speyer},
	year={2004},
	eprint={math/0402452},
	archivePrefix={arXiv},
	primaryClass={math.CO}
}