@article{di2014arctic,
	title={Arctic curves of the octahedron equation},
	author={Di Francesco, Philippe and Soto-Garrido, Rodrigo},
	journal={Journal of Physics A: Mathematical and Theoretical},
	volume={47},
	number={28},
	pages={285204},
	year={2014},
	publisher={IOP Publishing}
}

@article{di2014tystemsnetworksdimers,
	title={T-systems, networks and dimers},
	author={Di Francesco, Philippe},
	journal={Communications in Mathematical Physics},
	volume={331},
	pages={1237--1270},
	year={2014},
	publisher={Springer}
}

@article{hartarsky2023local,
	title={Local dimer dynamics in higher dimensions}, 
	author={Ivailo Hartarsky and Lyuben Lichev and Fabio Toninelli},
	year={2023},
	eprint={2304.10930},
	archivePrefix={arXiv},
	primaryClass={math.CO}
}

@article{kenyon2013double,
	title={Double-dimers, the Ising model and the hexahedron recurrence},
	author={Kenyon, Richard and Pemantle, Robin},
	journal={arXiv preprint arXiv:1308.2998},
	year={2013}
}

@article{Di_Francesco_2009,
	doi = {10.1007/s11005-009-0354-z},
	
	url = {https://doi.org/10.1007%2Fs11005-009-0354-z},
	
	year = 2009,
	month = {sep},
	
	publisher = {Springer Science and Business Media {LLC}
	},
	
	volume = {89},
	
	number = {3},
	
	pages = {183--216},
	
	author = {Philippe Di Francesco and Rinat Kedem},
	
	title = {Q-systems as Cluster Algebras {II}: Cartan Matrix of Finite Type and the Polynomial Property},
	
	journal = {Letters in Mathematical Physics}
}

@misc{speyer2004perfect,
	title={Perfect Matchings and the Octahedron Recurrence}, 
	author={David E Speyer},
	year={2004},
	eprint={math/0402452},
	archivePrefix={arXiv},
	primaryClass={math.CO}
}

@article{taggi2019uniformly,
	title={Uniformly positive correlations in the dimer model and phase transition in lattice permutations on $\mathbb Z^d$, $ d > 2$, via reflection positivity},
	author={Taggi, Lorenzo},
	journal={arXiv preprint arXiv:1909.06558},
	year={2019}
}

@book{alonprobabilistic,
	title =     {The Probabilistic Method },
	author =    {Noga Alon, Joel H. Spencer},
	publisher = {Wiley-Interscience},
	isbn =      {0470170204,9780470170205,9780470277317},
	year =      {2008},
	series =    {Wiley-Interscience Series in Discrete Mathematics and Optimization},
	edition =   {3},
	volume =    {},
	url =       {http://gen.lib.rus.ec/book/index.php?md5=c6f24e6ab22ddb6e541300a86573d34c}
}

@misc{kenyon2009lectures,
	title={Lectures on Dimers}, 
	author={Richard Kenyon},
	year={2009},
	eprint={0910.3129},
	archivePrefix={arXiv},
	primaryClass={math.PR}
}
